@Book{1,
author = {Zainalabedin Navabi},
title = {Verilog Digital System Design},
publisher = {McGraw-Hill},
year = {2006},
edition = {Second},
}
